2208 3071
522 148 623 219 74
734 150 855 204 DE
919 146 1389 205 SYMBOLIS
1445 147 1902 203 HEROICIS

520 252 723 322 netales
739 309 760 337 ,
782 280 955 337 aum,
979 277 1210 345 argento
1226 307 1244 336 ,
1268 277 1372 317 aere
1388 307 1405 334 ‚
1429 252 1663 335 flandO,
1685 251 1968 318 feriundO.

610 352 853 441 Digredi
889 351 963 417 ad
995 375 1272 416 nummos
1294 354 1630 414 Nationum
1650 348 1893 438 longum
1918 345 2022 414 fit:
2056 360 2118 414 &

519 455 715 513 terrori
737 448 904 512 essent
925 447 1144 513 fortasse
1167 444 1368 533 aliquae
1392 471 1591 509 eorum
1615 447 1832 509 formae.
1850 453 1940 511 Sic
1956 449 2116 536 Age-

517 539 682 607 silaus
706 548 830 607 Rex
851 597 871 625 ,
908 565 1197 607 reuocatus
1220 538 1254 606 a
1277 549 1482 606 Senatu
1507 549 1779 628 Spartano
1814 566 1881 605 ex
1914 540 2114 607 limine

517 637 643 728 ipso
665 645 920 706 vietoriae
955 639 1227 726 supremae
1258 661 1453 703 contra
1476 637 1660 701 Persas
1683 692 1702 720 ,
1728 644 1918 702 amico
1939 637 2117 703 scisci-

518 741 661 800 tanti
682 736 907 800 causam
929 731 1253 800 reuerfionis
1278 790 1296 817 ‚
1321 734 1464 806 dixit
1489 763 1501 798 ε
1529 738 1628 799 An
1651 758 1714 798 tu
1739 740 1955 799 miraris
1975 787 1996 818 ‚
2018 741 2120 822 qui

517 829 736 896 militiae
759 838 962 920 peritus
986 858 1062 914 ες,
1089 858 1183 897 me
1207 827 1714 896 recentiffimorum
1730 836 1962 919 triginta
1983 829 2115 901 mil-

515 924 662 992 lium
705 929 1123 1019 sagittariorum
1166 926 1429 992 sustinere
1457 935 1743 1015 impetum
1766 926 2112 1014 nequiuiffe?

515 1024 798 1090 Totidem
841 1032 1000 1089 enim
1034 1050 1313 1090 nummos
1352 1050 1543 1088 aureos
1569 1077 1587 1106 ,
1633 1029 1795 1087 icone
1846 1022 2111 1113 sagittarij

517 1122 789 1207 percussos
813 1177 831 1205 ‚
858 1119 891 1186 a
912 1122 1281 1209 Tissapherne
1314 1120 1477 1186 Persa
1498 1175 1516 1203 ,
1544 1118 1762 1208 aliquot
1782 1117 1813 1183 ὲ
1837 1126 2115 1185 Senatori-

526 1215 633 1282 bus
657 1242 1009 1341 acceperant,
1036 1230 1095 1283 ὃς
1119 1218 1308 1306 ipsum
1332 1213 1463 1282 ide&
1480 1240 1920 1281 reuocauerant:
1946 1239 2115 1304 atque

509 1320 595 1378 ‘ita
615 1314 836 1399 euenit,
859 1338 923 1382 vt
943 1312 1177 1379 fort-ius
1163 1340 1224 1379 m
1251 1338 1388 1378 auro
1403 1339 1624 1416 ‚quam
1647 1320 1708 1379 in
1733 1319 1848 1418 acie
1885 1339 1948 1378 ac
1969 1314 2116 1377 ferro

514 1433 654 1478 tunc
675 1413 847 1477 Persae
871 1412 1287 1476 dimicauerint.

951 1617 1453 1688 CAPVT
1559 1619 1674 1685 ΙΙ.

604 1771 724 1853 De
739 1773 838 1853 N
826 1771 1193 1881 nmffmatis
1207 1773 1364 1881 cusis
1378 1766 1759 1879 adfhmebm
1780 1798 2008 1853 rerum

1043 1892 1534 1994 praeteritarum
1546 1940 1561 1957 .

706 2072 766 2143 D
809 2073 1095 2143 nummos'
1120 2079 1356 2144 honoris
1377 2087 1551 2143 venio
1576 2113 1590 2156 3
1614 2075 1818 2166 quibus,
1844 2102 1911 2143 vt
1932 2076 2119 2166 loqui-

721 2199 812 2241 tur
833 2174 1151 2242 M.Tullius
1174 2231 1192 2259 ,
1215 2172 1423 2259 fitmiliae
1438 2172 1535 2259 fita
1556 2176 1700 2263 quasi
1728 2193 2018 2238 ornamenta
2039 2169 2117 2252 ff

518 2293 832 2336 monumenta
841 2268 1136 2357 fi’ruabant,
1160 2273 1243 2356 (ᾤ’
1266 2271 1338 2335 ad
1352 2276 1635 2335 memoriam
1654 2269 1859 2334 laudum
1879 2271 2117 2335 domesti-

520 2365 708 2446 carum,
737 2388 813 2441 αφ
832 2368 910 2432 ἀεί
939 2370 1290 2434 illustrandam
1310 2367 1620 2433 nobilitatem
1629 2366 1776 2454 fitam
1796 2419 1810 2432 .
1861 2373 1947 2433 Hi
1965 2394 2116 2434 non·-

522 2460 628 2534 nisl
662 2473 791 2533 viris
827 2460 1284 2557 praestantissimis
1308 2521 1327 2550 ,
1353 2478 1410 2530 ὃς
1436 2465 1563 2556 post
1582 2465 1814 2533 obitum
1836 2465 2113 2555 ipsorum,

1967 2583 2113 2627 tem·-
