2208 3071
507 106 840 192 LIBER
943 134 1387 191 SEXTVS.
1583 148 1722 212 171

233 241 341 306 Sed
363 237 484 305 haec
506 237 781 329 Symbola
795 294 813 322 ‚
839 266 975 304 cum
998 237 1180 330 figura
1204 236 1375 305 fimul
1402 254 1460 308 δε
1484 241 1725 313 lemma-

122 359 179 402 te
192 391 211 419 ,
235 336 389 425 apud
411 343 673 424 antiquos
699 343 997 423 Scriptores
1022 333 1164 401 ade&
1193 335 1323 401 sunt
1343 361 1462 403 rara
1484 394 1502 420 ‚
1545 367 1609 408 vr
1628 369 1735 408 ρο..

124 458 256 499 rum
278 432 436 498 aliud
464 458 563 520 par
585 432 738 519 apud
762 431 907 519 ipsos
930 430 1074 521 aegre
1099 459 1162 496 ac
1182 439 1278 498 vix
1301 441 1553 520 reperias.
1580 445 1724 506 Sunt

124 526 383 616 prae'rerea
405 530 735 616 imperfesta
758 562 772 606 ;
809 554 993 616 neque
1015 535 1082 592 iis
1105 525 1323 617 legibus
1349 555 1412 593 ac
1434 541 1721 620 praeceptis

122 632 487 706 concinnata,
509 649 637 711 quae
660 630 720 687 in
746 621 873 712 ipsis
897 623 1287 695 construendis
1312 630 1615 713 ingenium
1638 655 1724 694 er-

121 745 240 785 rare
261 745 382 785 non
404 727 705 809 patiantur.

234 814 394 880 Cum
418 839 611 880 autem
638 814 758 879 haec
793 836 1068 901 praecepta
1102 825 1161 878 &
1197 814 1295 879 has
1321 812 1466 904 leges
1489 827 1718 907 excogi-

17 954 20 957 Δ
120 911 273 993 tasse,
297 907 364 1000 fit
385 916 634 975 Hero'i'ca
655 906 930 998 Symbola
952 909 1225 972 inuenisse
1239 962 1258 988 ,
1280 906 1347 974 s1t
1369 912 1718 1000 praescripsis„

121 1007 174 1071 se
210 1030 481 1070 normam
519 1018 578 1070 δε
615 1007 1026 1092 perfectionem
1068 1029 1309 1069 eorum:
1348 1007 1487 1072 hinc
1533 1012 1718 1095 potest

120 1098 327 1168 merit&
364 1101 553 1165 nostra
573 1103 734 1165 AEtas
757 1154 776 1181 ,
799 1125 927 1187 quae
949 1107 1038 1164 eas
1074 1098 1217 1189 leges
1244 1113 1303 1165 δε
1340 1117 1420 1167 ea'
1439 1128 1715 1193 praecepta

118 1195 372 1285 primum
398 1203 749 1286 excogitauit
769 1249 789 1278 ,
825 1195 896 1260 de
931 1193 1163 1261 illorum
1197 1203 1533 1264 inuentione
1566 1200 1714 1267 felici

116 1291 360 1383 gloriari.

507 1450 567 1519 C
626 1450 691 1515 A
745 1449 794 1515 P
846 1403 920 1520 ¹v
972 1449 1038 1521 T
1146 1453 1174 1519 1
1229 1454 1314 1521 v.

231 1589 577 1708 Qmim
606 1593 858 1664 ratione
881 1588 1116 1696 possint
1140 1583 1267 1664 haec'
1282 1586 1577 1711 Symqua

511 1696 801 1775 fflro'im
837 1693 1279 1805 circumscribi.

303 1874 574 1939 Dducam
600 1880 657 1937 in
687 1871 952 1936 medium
974 1875 1256 1937 Aud‘tores
1282 1881 1469 1940 varios
1494 1929 1513 1957 ,
1535 1899 1600 1941 vt
1622 1878 1708 1942 di-

315 1993 446 2035 cant
479 1969 846 2050 sententiam,
883 1965 1057 2034 veluti
1094 1974 1296 2033 madro
1320 1977 1565 2035 Senatu:
1605 1999 1708 2038 nec

114 2090 315 2129 corum
347 2090 705 2153 quemquam
726 2070 1015 2152 primum,
1041 2087 1139 2129 aut
1159 2072 1491 2152 proximum
1516 2093 1627 2156 prae
1650 2096 1707 2133 a-

116 2159 222 2241 his,
246 2156 352 2224 nifi
375 2186 440 2224 ex
462 2167 712 2225 nominis
730 2160 930 2224 ordine
951 2158 1187 2249 rogabO.

217 2256 502 2320 Adrianus
528 2254 741 2321 Politus
765 2263 842 2320 ait
856 2308 874 2337 ,
899 2253 1244 2344 Symbolum
1261 2262 1578 2321 Hero'i'cum
1604 2259 1706 2323 effe

115 2346 417 2415 confilium
454 2358 676 2435 animi,
713 2351 873 2438 quod
907 2358 1240 2440 exprimitur
1277 2361 1704 2440 comparatione

59 2536 62 2540 ⁴
118 2452 280 2513 Vnius
303 2444 610 2530 lemmatis,
626 2459 685 2514 &
711 2453 878 2515 vuius
898 2455 1148 2535 corporis
1173 2449 1417 2539 figurati.

1002 2550 1064 2610 Y
1116 2575 1146 2608 2
1458 2542 1704 2611 Alexan-
