2208 3071
449 129 791 184 LIBER
876 125 1392 183 TERTIVS.
1627 117 1719 181 89

133 313 137 322 ν
228 231 410 305 ,Certe
453 234 607 323 apud
644 233 1029 324 Pythagoram
1066 229 1412 322 Symbolum
1447 228 1722 292 seruitutis

127 328 367 395 annulus
392 355 505 396 erat
528 366 543 411 3
580 355 748 418 atque
774 331 887 396 hoc
907 329 998 396 ille
1019 330 1244 396 videtur
1265 325 1499 393 voluisse
1522 332 1724 387 innue-

128 452 183 491 re
203 481 223 509 ,
267 426 410 492 dum
433 434 613 494 vetuit
634 481 654 509 ,
696 452 768 490 ne
790 434 913 515 quis
952 431 1175 490 aretum
1214 420 1493 488 annulum
1517 421 1680 483 ferret
1705 447 1719 482 ε

126 519 284 610 quasi
309 535 366 588 δε
389 524 520 612 ipse,
536 547 794 610 reputans
818 549 943 586 eam
968 548 1145 610 quam
1170 521 1416 584 diximus
1440 523 1724 604 originem

128 617 357 702 annuli,
403 645 568 708 atque
592 618 872 684 annulum
896 619 1083 684 adhuc
1105 643 1207 705 pro
1231 613 1461 683 vinculo
1483 612 1723 692 habem,

127 716 378 781 suaderet
400 742 494 807 per
514 715 822 781 verborum
846 742 932 780 eas
958 714 1224 802 ambages
1249 767 1266 794 ‚
1290 738 1362 776 ne
1384 718 1509 799 quis
1536 716 1594 772 in
1618 709 1723 772 ser-

126 818 370 876 uitutem
395 814 600 877 duram
634 837 803 899 atque
838 810 1280 875 incommodam
1304 808 1355 872 se
1379 808 1564 895 ipsum
1588 830 1724 869 con-

129 913 327 991 ijceret.

242 1003 307 1068 Id
331 1010 504 1068 etiam
528 1002 700 1067 causae
725 1027 838 1068 erat
861 1057 879 1085 ,
904 1028 1000 1066 cur
1022 1000 1264 1067 Flamini
1286 995 1445 1064 Diali
1467 996 1611 1062 olim
1638 1001 1724 1059 in-

130 1099 484 1164 terdiceretur
520 1096 713 1163 annuli
737 1099 880 1165 vsu:
919 1125 1059 1163 nam
1095 1098 1287 1161 decere
1321 1093 1722 1183 opinabantur,

130 1219 192 1261 vt
228 1194 398 1260 essent
437 1194 690 1261 maxime
727 1194 889 1260 liberi
926 1195 1244 1259 Sacerdotes
1271 1242 1284 1256 .
1355 1191 1463 1256 Sed
1499 1216 1602 1254 nos
1643 1214 1726 1252 re-

130 1288 272 1356 ‹stius
296 1291 688 1357 Sacerdotibus
713 1289 950 1356 annulos
975 1290 1278 1356 tribuimus
1306 1317 1319 1352 t
1367 1295 1503 1376 quia
1527 1283 1690 1349 Cfelo
1705 1339 1724 1367 ‚

131 1394 370 1475 SuperiS,
386 1410 449 1452 ac·
471 1394 606 1452 Deo
629 1388 1069 1474 seruiunt-,atque
1092 1394 1150 1450 in
1175 1391 1399 1474 pectore
1421 1377 1723 1470 humero<13

130 1485 320 1549 ferunt
341 1492 603 1566 nomina,
622 1483 733 1549 hoc
756 1484 834 1547 est
857 1483 1047 1548 debita
1071 1480 1436 1570 populorum.
1561 1504 1727 1562 uam-
1745 1548 1775 1591 I
1846 1546 1882 1590 P
1934 1566 1957 1577 -

132 1605 312 1667 quam
333 1579 700 1646 Abrahamus
728 1577 982 1644 Gorlaeus
1004 1577 1245 1644 Flamini
1267 1575 1423 1661 Diali
1447 1573 1725 1639 annulum
1746 1557 1932 1671 [ἔξωρα

134 1673 469 1763 simplicem,
497 1689 553 1741 δέ
580 1672 693 1739 fine
716 1674 949 1765 gemma
971 1674 1146 1740 tribui
1168 1671 1398 1739 solitum
1420 1727 1439 1755 ,
1465 1671 1723 1736 affirmat.
1745 1674 1954 1783 {6²57st-

225 1773 325 1861 Ad
347 1773 466 1836 haec
488 1776 716 1859 Regum
742 1771 991 1836 duorum
1017 1771 1206 1835 statuae
1221 1825 1239 1853 ,
1257 1771 1368 1836 hoc
1390 1770 1489 1850 est,
1507 1752 1760 1833 Numae¹
1794 1753 1873 1783 Μ’

136 1866 402 1955 Pompilij
443 1894 506 1932 ac
530 1871 699 1951 Scruij
726 1866 907 1950 Tulli,
932 1865 1324 1955 spectabantur
1345 1892 1479 1930 cum
1503 1862 1728 1929 annulis

133 1971 194 2028 in
218 1961 530 2051 CapitoliO,
548 1988 801 2051 tempore
826 1963 1013 2048 Plinij:
1040 1990 1143 2028 nec
1164 1960 1472 2042 immerito;
1496 1967 1650 2049 quia,
1666 1984 1732 2027 vt

139 2066 359 2144 Sapiens
383 2061 622 2146 quidam
658 2060 800 2125 dixit
822 2116 840 2143 ‚
874 2065 929 2124 R
946 2084 1040 2124 EX
1092 2083 1127 2124 B
1145 2082 1186 2122 o
1210 2082 1252 2123 N
1276 2087 1312 2126 v
1335 2086 1359 2124 s
1425 2086 1448 2124 s
1471 2084 1502 2123 E
1521 2080 1565 2122 R
1582 2081 1619 2122 v
1639 2081 1678 2122 v
1701 2080 1728 2121 s

144 2174 276 2217 EST
329 2177 756 2222 PVBLICVS.

247 2251 381 2313 Post
403 2257 619 2316 exactos
645 2256 844 2341 Reges,
865 2248 1103 2317 annulus
1143 2253 1346 2316 ferreus
1370 2256 1730 2338 Imperatori-

141 2341 242 2410 bus
269 2357 327 2409 δε
352 2346 610 2412 Ducibus
635 2347 905 2414 dabaturz
932 2374 1035 2412 nec
1058 2344 1212 2412 aliter
1227 2348 1298 2412 de
1319 2345 1592 2437 Iugurtha
1615 2352 1730 2412 Re-

140 2466 207 2532 ge
245 2447 317 2506 C.
342 2444 559 2509 Marius
597 2444 987 2534 triumphauit.
1023 2452 1213 2510 Ferreo
1235 2444 1536 2513 vtebantur
1557 2451 1731 2508 etiam

1099 2543 1173 2604 M
1573 2548 1733 2630 Spar.
