2208 3071
525 118 663 194 348
775 125 877 182 DE
932 123 1410 182 SYMBOLIS
1477 124 1950 183 HEROICIS

616 225 887 296 Offerent
911 232 965 296 se
987 232 1280 297 interdum
1306 229 1584 320 Symbola
1603 286 1622 314 ‚
1658 256 1784 320 quae
1809 254 1907 297 aut
1928 225 2117 318 superss

523 323 687 391 biam
703 379 722 406 ,
747 349 845 391 aut
868 325 1275 406 ambitionem,
1293 351 1391 391 aut
1413 326 1828 392 contumeliam
1847 325 2114 408 aliorum,

526 443 627 484 aut
647 420 990 486 obscoenum
1014 447 1275 486 amorem
1305 475 1323 503 ,
1355 446 1453 486 aut
1475 421 1582 487 alia
1600 421 1913 510 perturbati
1931 429 2117 486 animi

525 539 863 602 argumenta
886 524 1186 582 continent
1210 545 1223 580 z
1256 528 1313 580 &
1337 542 1404 580 ex
1427 517 1513 581 his
1538 516 1824 588 nonnulla
1843 572 1861 600 ‚
1881 517 1976 581 sed
1999 514 2117 581 fine

527 613 839 692 icone‚iam
862 614 1099 676 referam
1124 640 1138 676 ε
1165 638 1304 676 nam
1323 637 1449 699 quae
1473 609 1589 676 fine
1605 611 1963 695 virtute‚imo
1979 638 2117 677 cum

527 710 672 769 vitio
697 704 938 790 fiunt‚ea
959 733 1159 773 ornare
1183 733 1303 772 non
1328 705 1532 773 debeo,

620 803 933 867 Terminus
958 830 1094 867 cum
1117 803 1439 890 Epigraphe
1454 857 1473 885 ‚
1497 808 1563 867 Ν
1585 824 1681 866 ΕΜ
1703 825 1725 867 1
1746 827 1790 867 N
1812 825 1834 867 1
1877 820 1917 867 c
1938 828 1972 868 E
1992 827 2036 869 D
2053 826 2116 886 0,

526 891 758 960 schema
773 899 884 961 fuit
907 898 1155 964 Erasini:
1184 923 1545 985 quamquam
1572 905 1614 962 is
1632 921 1699 964 vt
1713 899 1927 961 fastum
1944 898 2115 964 suum

529 1009 742 1078 tegeret
757 1045 775 1072 ,
799 992 872 1056 de
894 1017 1079 1058 morte
1103 989 1136 1057 zi
1157 993 1210 1057 se
1235 999 1327 1081 agi
1341 992 1668 1075 affirmauit,
1687 1000 1972 1079 quoniam
1997 994 2119 1058 haec

528 1091 754 1150 nemini
778 1094 974 1174 parcit.
1016 1088 1199 1152 Haud
1230 1087 1456 1154 videtur
1478 1112 1673 1153 tamen
1697 1095 1946 1152 omnino
1964 1113 2119 1155 extra

529 1178 803 1266 superbiae
825 1206 1029 1247 notam
1053 1184 1156 1246 effe
1170 1236 1189 1264 ‚
1215 1189 1351 1269 quia
1374 1209 1528 1248 mors
1554 1185 1703 1249 cedit
1723 1188 1877 1267 De0,
1904 1195 1962 1248 δε
1987 1189 2118 1249 Ioui

531 1281 810 1339 terminus
832 1276 1026 1340 cedere
1048 1277 1343 1341 recusauit.
2105 1334 2108 1335 ν

625 1368 902 1436 Camelus
925 1371 1096 1436 humi
1119 1369 1501 1458 procumbens
1524 1426 1543 1454 ,
1568 1397 1633 1436 ac
1656 1398 1868 1438 merces
1888 1381 2046 1439 iuxta
2067 1375 2122 1440 fe

529 1461 749 1530 habens
773 1519 792 1548 ,
813 1491 951 1531 cum
974 1464 1248 1532 lemmate
1271 1520 1286 1546 ,
1326 1473 1386 1531 D
1404 1491 1445 1530 o
1467 1490 1512 1531 N
1536 1492 1570 1531 Ε
1587 1491 1625 1534 c
1676 1491 1719 1532 A
1738 1492 1776 1534 c
1798 1494 1837 1535 c
1859 1494 1882 1534 1
1899 1494 1934 1535 1²
1954 1494 1975 1534 1
1995 1492 2120 1554 AT,

529 1558 883 1648 Symbolum
918 1561 1177 1628 hominis
1217 1569 1319 1651 qui
1360 1562 1608 1630 honores
1646 1560 1795 1629 falsis
1830 1563 2123 1656 obsequijs

524 1653 839 1722 ambiebat.

637 1750 911 1817 Camelus
935 1758 1109 1817 etiam
1132 1752 1465 1840 perturbans
1483 1754 1627 1840 pede
1641 1780 1814 1842 aquas
1832 1809 1851 1836 ‚
1876 1782 2012 1844 quas
2028 1756 2121 1823 bia

527 1841 749 1913 biturus
778 1847 882 1931 est,
899 1874 1036 1912 cum
1062 1847 1282 1914 Gallica
1307 1847 1368 1913 ea
1385 1849 1772 1936 inscriptione,
1799 1856 1886 1915 LE
1909 1873 2120 1920 Ἠιον-

521 1962 559 2007 B
585 1965 622 2008 1.
649 1966 685 2006 E
751 1963 804 2005 M
831 1966 866 2007 E
933 1967 966 2009 P
995 1969 1032 2010 L
1061 1966 1105 2010 A
1130 1966 1154 2008 1
1182 1969 1287 2012 ετ.
1356 1944 1585 2028 hocest‚
1608 1944 1835 2011 Turbas
1853 1954 2016 2031 ciere,
2037 1948 2120 2014 est

525 2061 658 2104 mea
686 2036 969 2126 voluptas.

602 2137 757 2221 Ignis
784 2159 1030 2223 magnus
1076 2159 1213 2200 cum
1257 2134 1414 2202 nube
1455 2136 1608 2200 fumi
1629 2189 1649 2217 ,
1694 2147 1754 2201 δε
1791 2162 1930 2201 cum
1972 2134 2121 2203 lem-

521 2251 678 2294 mate
717 2227 964 2312 Italic0,
1020 2234 1264 2296 Dovr,
1310 2255 1345 2295 E
1390 2252 1638 2297 GRAN
1692 2254 1853 2298 Fvo
1883 2254 2035 2316 CO,
2085 2257 2122 2298 ε

521 2346 563 2389 G
590 2346 636 2390 R
659 2350 704 2389 A
725 2346 771 2389 N
826 2348 859 2392 Β
884 2350 921 2392 v
947 2349 1000 2391 M
1026 2347 1089 2389 ο.
1136 2325 1201 2390 id
1232 2324 1344 2409 est,
1383 2326 1475 2392 Ibi
1510 2352 1757 2415 magnus
1784 2330 1981 2392 fumus
2004 2328 2119 2411 est,

517 2416 627 2507 ybi
666 2420 747 2485 est
790 2444 1041 2511 magnus
1082 2426 1248 2514 ignis.
1298 2446 1420 2511 quo
1455 2421 1742 2488 schcmate
1784 2428 1873 2490 vit
1912 2421 2119 2509 aliquis

1899 2542 2118 2607 prima-
