2208 3071
392 153 721 211 LIBER
837 148 1386 208 O-CTAVVS.
1585 149 1721 213 377

222 254 496 322 Ceteriim
522 253 715 319 adhuc
743 253 884 318 stare
917 260 1054 316 cuin
1079 245 1296 314 Protasl
1319 247 1538 313 lemma
1561 248 1724 312 vide-

130 376 223 417 tur
245 406 263 434 ,
289 377 458 440 atque
483 349 759 417 abstinere
784 350 837 413 se
861 347 933 414 ab
957 341 1238 435 Apodofi.
1275 343 1479 433 Qod
1503 341 1722 430 alioqui

132 446 303 514 debet
333 452 560 529 seruari,
587 470 652 513 vt
682 451 889 510 Lestor
916 443 1164 531 gaudeat
1186 448 1401 528 magis3
1426 440 1573 504 dum
1606 439 1721 526 ipse

131 544 372 633 vestigat
394 545 734 608 sententiam
761 545 1052 606 Au6toris.
1093 546 1183 604 Sic
1213 544 1372 601 enim
1402 543 1590 601 maior
1618 558 1724 598 vo-

130 638 316 727 luptas
342 648 468 722 erit,
494 653 551 704 &
579 637 925 727 Symbolum
957 633 1392 724 compledtetur,
1417 628 1576 721 quasi
1600 656 1722 694 rem

133 735 294 800 suam
319 772 334 816 3
359 730 690 823 fauebitc'pie
712 791 730 818 ,
766 747 823 800 δε
851 732 1032 799 fidem
1068 731 1347 821 praebebit
1370 788 1388 815 ‚
1413 756 1607 820 captus
1647 730 1725 796 le-

132 839 373 897 nocinio
399 830 500 898 illo
517 886 533 913 ‚
560 857 678 919 quo
702 857 832 921 erga
854 858 938 915 ea,
964 856 1093 920 quae
1116 856 1379 896 amamus
1396 886 1415 914 ,
1440 829 1726 897 afficimur

131 926 482 1017 propenfiiJS.
826 991 830 993 Α

227 1026 295 1090 Id
316 1024 450 1092 vero
474 1025 647 1089 causae
672 1024 751 1088 est
771 1022 981 1108 obiter,
1011 1048 1111 1089 cur
1135 1029 1345 1107 Poe'tae,
1371 1032 1473 1113 qui
1499 1025 1726 1092 student

133 1145 251 1208 prae
276 1119 397 1187 aliis
420 1119 698 1187 deleCIare
713 1170 732 1197 ,
762 1117 1237 1209 frequentissimas
1264 1129 1722 1210 comparationes

134 1217 383 1283 habeant
406 1273 423 1299 ‚
461 1231 518 1281 ὃς
547 1216 885 1304 plerumque
910 1215 1088 1281 solam
1113 1214 1393 1282 Protafim
1425 1245 1623 1284 earum
1647 1222 1726 1283 ef-

135 1314 321 1377 ferant
339 1351 353 1392 3
374 1318 603 1378 Lcemri
629 1338 819 1378 autem
843 1321 1198 1399 permittant,
1219 1339 1280 1380 vt
1303 1314 1404 1378 suo
1427 1316 1541 1403 ipse
1566 1322 1725 1404 inge-

136 1416 237 1473 nio
256 1406 587 1498 Apodoslm
614 1409 704 1474 seu
732 1409 1113 1474 redditionem
1140 1417 1435 1499 excogitet.

533 1597 999 1670 CAPVT
1107 1601 1344 1669 VIII.

157 1718 311 1845 ,An
331 1760 573 1844 lemma
589 1759 862 1882 §ymholi
880 1730 1149 1842 Hbro'm'
1162 1768 1346 1874 possit
1361 1761 1463 1871 effi}
1478 1767 1694 1877 transt

442 1871 661 1956 latum
676 1876 817 1984 ,fin
834 1871 1404 1986 Metaphorimm.

283 2093 444 2155 Icere
467 2089 753 2153 existimat
771 2086 979 2154 Paulus
997 2083 1244 2169 Arefius,
1262 2085 1301 2152 si
1321 2095 1446 2175 quis
1463 2086 1600 2153 velit
1624 2114 1732 2152 no-

299 2184 372 2247 ua
395 2192 476 2249 vti
502 2183 852 2272 Metaphora
879 2193 939 2249 in
964 2186 1287 2274 Epigraphe
1318 2183 1580 2273 Symboli
1609 2191 1732 2249 He-

148 2286 290 2344 roi'ci
315 2308 329 2343 :
370 2276 610 2368 ideociue
638 2289 914 2368 proponit
943 2309 1006 2347 ac
1037 2279 1234 2345 laudat
1265 2307 1422 2346 mate
1445 2338 1462 2364 ‚
1498 2283 1646 2346 dum
1671 2288 1733 2345 in

149 2374 301 2441 littus
356 2373 578 2463 placide
627 2374 887 2441 illabitur
933 2432 950 2460 ‚
1004 2404 1140 2441 cum
1167 2377 1298 2442 'bac
1349 2378 1734 2466 inscriptione,

146 2479 323 2539 Osc
351 2494 690 2538 vLATVR
739 2495 1116 2540 LIMITEs.
1150 2474 1342 2563 Qod
1366 2473 1592 2539 schema
1618 2499 1740 2560 pet-

577 2575 580 2578 ’
1052 2577 1097 2634 Β
1117 2568 1157 2634 b
1178 2568 1217 2635 b
1563 2577 1742 2634 tinere
