2208 3071
308 161 313 167 -
399 143 716 199 LIBER
804 140 1390 200 SEPTIMVS.
1567 148 1701 212 319

118 268 266 334 quot
283 245 439 311 strati
457 244 561 311 sub
584 245 649 310 est
667 246 1109 333 soporantur-Vt
1123 247 1415 334 propterea
1433 246 1701 312 Hercules

120 345 342 423 Tass'uS,
360 342 545 406 homo
567 340 739 406 Italus
758 396 776 422 ,
795 368 924 405 eam
950 367 1053 428 pro
1092 341 1374 430 Symbolo
1397 344 1498 408 suo
1521 341 1703 431 elege-

121 445 213 513 rit,
237 461 300 502 vt
323 438 375 501 se
397 444 732 502 nociturum
755 444 974 500 nemini
993 437 1369 525 profiteretur.

119 588 122 591 .
202 537 286 597 At
311 530 348 595 fi
369 560 494 620 quae
528 532 675 596 forte
716 531 993 620 Symbola
1016 533 1198 597 sensus
1239 534 1383 598 duos
1403 559 1514 620 prae
1553 534 1604 596 se
1627 535 1710 596 fe-

122 652 249 692 rant
272 684 289 710 ,
315 656 423 717 ego
448 656 511 692 ea
548 654 683 691 cum
718 626 898 692 Paulo
939 634 1107 692 Iouio
1147 627 1543 694 laudauerim:
1581 654 1705 692 non

121 731 281 788 enim
312 725 453 788 inest
496 720 625 810 ipfis
670 722 1010 802 obscuritas,
1035 725 1127 788 sed
1164 725 1350 812 potius
1383 733 1614 813 gemina
1638 721 1710 787 fi-

121 818 419 908 gnificatio
462 848 474 883 ε
517 832 575 884 ὃς
615 819 858 882 fecunda
883 817 1016 883 ideo
1056 822 1174 884 fetu
1209 820 1456 909 gemello
1492 821 1713 885 iudica-

123 915 338 981 buntur
366 913 554 1001 potius
580 971 597 997 ‚
621 912 801 1001 quam
825 916 1089 979 monstro
1113 913 1358 995 fimilia3
1403 917 1566 1004 quod
1610 915 1710 981 ali-

119 1019 244 1098 quis
262 1011 489 1078 videtur
503 1009 858 1098 exprobrare.
896 1008 1031 1076 Nifi
1053 1012 1201 1077 forte
1223 1014 1284 1076 id
1307 1020 1554 1096 eueniat,
1571 1019 1709 1078 Vtin

122 1107 348 1172 sensum
370 1133 556 1172 vnum
582 1162 599 1189 ,
633 1103 794 1171 ficuti
832 1131 1097 1195 portenta
1134 1116 1194 1173 in
1233 1135 1423 1175 vnum
1470 1108 1705 1190 animal,

121 1201 310 1268 ambae
328 1199 1082 1293 fignificationesperperam
1110 1217 1168 1270 &
1193 1204 1430 1270 confuse
1469 1203 1712 1294 aggluti-

121 1323 346 1364 nentur.

520 1486 1053 1558 CAPVT
1155 1490 1323 1558 IV.

244 1604 378 1685 An
388 1605 652 1719 speciofiz
659 1606 898 1716 figura·
915 1617 1343 1717 requirantur
1349 1610 1600 1722 se'mper

396 1772 398 1775 >
537 1714 638 1796 ad
662 1714 958 1835 Symbola
983 1722 1297 1799 Hbro'z'ca.

120 1866 546 2043 AVotores
583 1870 855 1938 nonrmlli
901 1873 1095 1937 nostra
1124 1873 1246 1938 haec
1286 1872 1565 1963 Symbola
1602 1876 1716 1940 stu-

311 1963 727 2055 diosrus,quam
748 1967 1015 2055 sponsam
1036 1970 1204 2034 domi
1228 1969 1530 2052 ancillulae,
1548 1997 1719 2036 orna-
1811 1994 1815 1998 ’

123 2089 180 2126 re
220 2075 277 2126 &
302 2088 529 2127 comere
551 2064 853 2145 videntur3
899 2064 1035 2130 cum
1061 2090 1258 2130 tamen
1301 2066 1614 2132 masculam
1638 2068 1719 2131 se-

122 2164 261 2222 stari
296 2156 788 2244 pulchritudinem
813 2168 874 2225 in
910 2187 965 2225 re
990 2161 1242 2227 Hero'icfi
1260 2216 1278 2244 ,
1302 2163 1552 2251 respuere
1577 2162 1717 2231 vero

121 2251 433 2319 delicatam
459 2281 524 2318 ac
548 2254 793 2321 mollem
814 2282 1119 2345 oporteret.

204 2355 380 2414 Lucas
406 2349 642 2415 Contilc
664 2357 1257 2443 Centauros‚Saty1·05,
1273 2362 1492 2419 Faunos
1518 2361 1715 2422 reiicit.

123 2450 204 2510 At
227 2445 389 2512 Plato
416 2453 704 2513 Socratem
729 2447 898 2515 suum
915 2446 1166 2515 slmilem
1190 2448 1386 2517 Silenis
1402 2453 1536 2518 fecit
1564 2470 1578 2505 ³
1611 2460 1712 2539 qui
1724 2454 1906 2563 §figm-

1576 2549 1714 2616 foris
1838 2550 1850 2563 ’
