2208 3071
1674 168 1746 215 ix

243 267 436 342 Inter
458 262 582 340 has
608 260 881 366 generis
903 257 1102 365 quasi
1121 256 1338 336 stellas
1354 320 1376 354 ‚
1401 257 1593 338 haud
1609 289 1745 365 ego

123 378 238 454 Te
255 375 557 452 dixerim
578 375 865 466 micare,
878 371 1078 450 velut
1101 371 1320 447 micat
1339 371 1524 447 inter
1544 373 1742 476 ignes

130 489 338 566 Luna
390 488 724 562 minores.
776 484 1023 561 Debet
1073 484 1257 559 inter
1313 481 1532 559 sidera
1567 483 1741 558 Solis

131 599 340 674 instar
363 595 780 702 confulgere
800 658 822 691 ,
857 593 1166 700 quisquis
1195 593 1310 671 ille
1343 594 1442 670 est
1464 656 1486 689 ,
1519 622 1745 699 quem

126 712 379 786 Genus
405 714 484 784 &
514 710 763 784 Virtus
795 708 1122 784 certatim
1149 708 1481 782 Heroem
1511 703 1742 781 conse-

130 847 350 898 crant.
406 821 699 897 Etenim
743 818 1098 895 stellarum
1138 817 1402 922 aliquas
1435 878 1457 910 ,
1494 821 1572 891 &
1609 819 1747 892 Lu-

132 959 303 1008 nam
339 929 594 1034 ipsam,
631 928 911 1006 afflatus
941 929 1232 1032 maligni
1268 926 1748 1032 saepenumerb

131 1039 576 1118 accusamus:
610 1067 680 1118 at
702 1041 822 1117 Sol
855 1039 1034 1118 solus
1062 1041 1161 1117 est
1179 1065 1386 1115 extra
1419 1036 1744 1133 maleficii

130 1180 295 1228 eam
324 1179 572 1228 notam
592 1214 612 1247 ,
644 1150 1052 1256 semperq'ue
1084 1148 1387 1255 prosper,
1416 1148 1745 1243 salutaris,

133 1268 212 1338 &
237 1264 498 1339 Virtuti
536 1263 933 1340 fimillimus
957 1325 977 1357 ,
1007 1260 1390 1366 gratusq'ue
1427 1262 1747 1355 bonis&

137 1372 335 1448 malis
354 1374 595 1450 oritur.
624 1374 882 1476 Qam
904 1400 1144 1477 gratus
1164 1372 1506 1447 omnibus
1523 1374 1646 1448 Tu
1665 1370 1747 1446 sis

137 1484 210 1558 in
245 1483 350 1558 his
382 1485 859 1586 Regionibus,
893 1485 1138 1559 dicent
1154 1483 1424 1577 Vrbes,
1453 1482 1747 1557 Prouin-

136 1594 261 1668 ciae
285 1655 306 1688 ,
341 1590 592 1696 Populi
628 1641 646 1693 3
690 1595 923 1698 &qui
958 1593 1116 1670 sunt
1145 1594 1353 1668 instar
1386 1593 1745 1687 omnium,

137 1704 378 1779 dicent
417 1705 663 1806 amplae
701 1704 913 1780 huius
953 1704 1354 1809 Legationis
1394 1704 1746 1806 Principes

137 1814 461 1889 Maximi.
502 1814 620 1898 Sol
652 1815 1160 1921 circumagitur
1190 1810 1396 1891 causa
1415 1842 1747 1890 commu-

138 1924 243 1999 nis
276 1924 449 1999 boni
481 1954 496 1998 ε
534 1925 826 2028 publico
859 1929 980 2003 Tu
1013 1925 1306 2030 perinde
1341 1923 1747 2030 obsequeris

138 2035 535 2110 commodo
553 2096 575 2128 ,
607 2037 754 2112 Tui
783 2037 898 2113 vel
926 2063 1391 2140 contemptor
1419 2098 1441 2130 ,
1468 2036 1581 2112 vel
1616 2037 1747 2110 im·-

139 2171 440 2219 memor.
459 2146 577 2221 Sol
602 2148 908 2224 nubium
929 2177 1011 2224 ac
1027 2175 1443 2242 ventorum,
1460 2152 1583 2224 Tu
1606 2148 1747 2222 ani-

139 2280 431 2330 morum
445 2241 531 2332 B(
545 2257 918 2359 pectorum
939 2258 1206 2336 dissidia
1225 2253 1610 2362 componis
1629 2289 1643 2332 ε
1665 2287 1748 2335 ac

141 2361 224 2440 fit
266 2364 737 2465 pulcherrime
769 2430 790 2463 ,
822 2396 901 2447 vt
932 2371 1375 2476 Vbicumque
1413 2370 1748 2446 alteruter

142 2472 410 2553 fulserit
441 2539 462 2572 ,
496 2507 593 2554 ex
616 2506 822 2584 aequo
861 2483 959 2557 ibi
993 2480 1425 2559 conserenet.
1461 2479 1746 2556 Verum

1146 2592 1192 2667 b
1611 2588 1744 2694 ipss:
