2208 3071
383 143 716 200 LIBER
816 143 1438 199 SECVNDVS.
1650 149 1743 212 79

139 245 296 343 galea
330 303 349 335 ‚
388 262 449 318 &
482 250 820 317 Maioranus
865 249 1159 340 Augustus
1205 256 1266 315 in
1311 248 1510 341 clypeo
1553 254 1746 342 gesta-

139 1434 271 1480 runt
313 1467 332 1496 ‚
384 1420 490 1478 rati
531 1419 780 1477 omnino
824 1413 1098 1478 decorum
1121 1413 1224 1477 effe
1246 1467 1265 1496 ,
1301 1439 1519 1479 nomen
1556 1421 1736 1481 Ducis

137 1517 324 1576 aeterni
348 1566 366 1594 ,
393 1517 483 1575 cui
508 1507 861 1591 militabant,
885 1515 946 1573 in
970 1517 1139 1574 armis
1164 1535 1267 1599 pro
1288 1508 1475 1575 tefferfi
1498 1517 1740 1576 circum·

136 1608 288 1672 ferre.

260 1704 499 1767 Addam
523 1701 707 1767 obiter
735 1755 753 1784 ‚
799 1727 891 1766 eos
929 1701 1073 1789 ipsos
1111 1702 1452 1767 characteres
1498 1701 1530 1768 a
1575 1709 1739 1769 Con-

136 1799 389 1864 stantino
425 1797 727 1885 adscriptos
760 1795 956 1863 laureae
980 1823 1204 1864 coronae
1230 1800 1733 1887 triumphantium.

140 1900 270 1986 Q
312 1902 468 1960 enim
511 1892 795 1982 templum
833 1892 1118 1984 Apollinis
1159 1917 1336 1984 prope
1370 1896 1573 1963 vrbem
1610 1902 1738 1967 An-

138 1993 467 2058 tiochenam
491 2046 509 2074 ‚
534 1998 594 2057 in
618 1992 868 2080 Daphne
891 2047 908 2075 ,
931 1992 1045 2058 hoc
1067 1993 1228 2057 estin
1254 1990 1454 2060 celebri
1498 1992 1733 2079 lauretO,

141 2090 303 2176 quod
340 2094 522 2153 Graeci
559 2094 739 2160 Δοίφυίω
769 2113 978 2156 vocant
999 2144 1018 2172 ‚
1062 2086 1093 2154 ’.ἰ
1133 2089 1520 2178 superstitione
1567 2099 1736 2158 omni

141 2192 495 2272 expiauerat3
535 2182 720 2252 effecit
753 2192 927 2252 etiam
963 2240 983 2269 ,
1019 2209 1086 2254 vt
1119 2191 1486 2274 Imperatores
1530 2194 1733 2253 trium-

136 2281 445 2371 phaturi‚&
470 2280 673 2348 milites
698 2281 812 2368 alij,
827 2308 950 2348 non
972 2282 1045 2349 ab
1067 2281 1360 2371 Apolline,
1390 2282 1483 2348 sed
1505 2280 1538 2348 a
1562 2283 1737 2349 Chri-

139 2378 227 2445 sto
263 2383 531 2444 Domino
572 2383 826 2445 vieton'ae
861 2385 1091 2446 auetore
1120 2405 1394 2446 coronam
1425 2387 1737 2467 acciperent

37 2559 44 2568 ·
138 2474 396 2566 deinceps
413 2530 432 2560 ,
455 2474 663 2542 eodem
685 2476 869 2543 modo
882 2477 1208 2568 inscriptam
1224 2533 1242 2562 ,
1267 2505 1332 2545 ac
1351 2474 1527 2545 veluti
1547 2476 1738 2542 conse-

1509 2597 1738 2641 cratam:
