2208 3071
462 163 783 218 LIBER
891 158 1401 217 TERTIVS.
1626 117 1723 222 91'

223 269 493 357 Vsurpari
512 270 756 335 demum
779 269 1021 356 coepiffe,
1042 267 1288 332 secundo
1309 263 1460 331 bello
1485 270 1724 347 PunicO,

135 363 301 429 domi
322 361 803 455 forisquqabsque
823 363 1076 430 Tribuni
1099 376 1158 428 &
1183 361 1399 444 militis,
1422 367 1639 448 Equitis
1665 374 1727 425 &c

135 457 309 547 plebis
336 462 675 545 discrimine,
701 487 868 548 atque
891 488 956 525 ex
978 468 1152 526 aureis
1177 456 1396 524 annulis
1419 457 1577 520 fuisse
1598 483 1728 521 mo-

137 557 260 621 dios
283 582 386 622 tres
410 614 429 641 ,
465 585 608 646 quos
634 559 707 623 ad
741 555 1175 648 significandam
1211 554 1374 620 illatae
1409 551 1578 618 cladis
1605 579 1727 617 ma-

132 655 498 742 gnitudinem
519 654 778 721 Annibal
821 652 975 719 misit
1016 653 1432 742 Carthaginem
1476 650 1604 737 post
1641 657 1726 715 vi-

134 753 379 814 Ctoriam
403 752 476 815 ad
499 749 967 832 Cannas,Plinius
991 757 1271 838 opinatur.
1297 754 1417 812 Cui
1439 771 1632 811 tamen
1656 772 1727 810 ne

0 849 3 852 ’
68 915 72 919 ,
135 870 243 934 ego
265 847 548 929 assentiar,
572 850 706 912 facit
738 845 882 911 illud
904 903 922 929 ,
945 844 1108 934 quod
1129 845 1378 910 necdum
1413 846 1727 908 ferreorum

132 941 260 1007 Vsus
286 947 493 1008 Romae
514 967 652 1008 tunc
672 951 920 1007 omnino
943 938 1175 1007 desierat
1200 970 1212 1006 :
1260 946 1472 1004 etenim
1494 940 1732 1001 memoria*
1751 958 1845 1005 Ltb.
1872 974 1890 1017 3
1903 975 1938 1017 3·

134 1037 341 1101 auorum
362 1094 380 1121 ,
404 1046 592 1127 inquit
612 1040 848 1128 ipsemet
870 1037 1080 1103 Plinius
1104 1093 1126 1121 ,
1147 1037 1294 1100 multi
1317 1033 1727 1117 Praeturdfunbi'i

135 1138 187 1195 in
193 1132 366 1216 ferreo
387 1133 759 1219 conftnuerunt.
798 1132 1061 1200 Praeterea
1083 1142 1267 1199 maior
1291 1159 1410 1221 pars
1434 1132 1725 1215 Iudicum,

135 1233 403 1320 Augusto
416 1233 662 1297 decurias
685 1234 1069 1313 ordinante,in
1091 1232 1275 1296 ferreis
1293 1227 1513 1294 annulis
1539 1228 1727 1296 adhuc

135 1351 276 1391 erat.
332 1328 439 1392 Sed
463 1341 521 1392 &
545 1336 605 1392 in
627 1328 844 1410 funere,
868 1326 1027 1392 luctu
1043 1383 1062 1410 ‚
1087 1351 1255 1414 atque
1277 1325 1482 1390 acerbis
1507 1321 1725 1390 casibus

137 1423 486 1511 Reipublicae
511 1451 636 1489 mos
672 1429 782 1490 fuit
803 1449 1012 1512 ponere
1035 1420 1273 1488 annulos
1299 1447 1491 1486 aureos
1507 1475 1526 1503 ‚
1553 1448 1616 1485 ac
1636 1421 1725 1485 su-

133 1545 286 1584 mere
308 1523 526 1585 ferreos,

245 1615 599 1681 Peculiariter
618 1624 753 1705 quia
786 1643 852 1680 ex
888 1613 1109 1680 annulis
1133 1621 1309 1678 aureis
1333 1611 1618 1679 Asdrubal
1641 1611 1728 1678 di-
1748 1612 1922 1719 {¹1sz-

135 1718 276 1776 citur
300 1714 583 1800 agnouisse
603 1719 1032 1777 Centurionum
1056 1738 1117 1775 ac
1136 1710 1538 1776 Tribunorum
1562 1709 1727 1774 cada·
1749 1739 1848 1783 Bell.
1866 1740 1962 1782 Pu.

138 1834 299 1888 ucra3
336 1806 729 1898 honoremque
745 1808 1033 1896 sepulturae
1050 1863 1066 1890 ,
1093 1814 1366 1894 Scipionis
1392 1831 1591 1895 rogatu
1609 1861 1627 1888 ‚
1650 1813 1724 1870 eis
1747 1802 1863 1849 m'cis.
1953 1800 1959 1802 Ὗ

139 1900 447 1968 concessisse
472 1940 485 1984 3
515 1906 573 1968 id
599 1930 939 1994 argumento
962 1906 1074 1986 est,
1099 1904 1288 1968 adhuc
1309 1911 1368 1968 in
1392 1905 1573 1967 ferreis
1613 1901 1728 1991 ple-

139 1999 272 2065 bem
298 2028 360 2064 ac
383 1999 625 2065 militem
650 2004 820 2066 fuisse.
846 2006 1117 2085 Conijcio
1140 2001 1199 2065 id
1222 2008 1413 2082 etiam,
1437 2007 1573 2087 quia
1595 1997 1727 2064 cum

141 2094 638 2182 pollicitationibus
676 2105 897 2187 magnis
923 2098 1109 2165 Cacsar
1144 2094 1348 2162 milites
1372 2097 1496 2160 suos
1521 2096 1729 2160 adhor-

139 2193 342 2256 taretur
364 2247 382 2274 ,
407 2217 466 2256 vt
487 2197 741 2259 Arimini
764 2191 1054 2258 transirent
1075 2192 1441 2257 Rubiconem
1468 2248 1485 2274 ,
1511 2205 1568 2256 &
1592 2219 1727 2258 cum

140 2287 323 2375 digito
345 2289 554 2352 exserto
588 2287 940 2379 surred‘totjue
978 2285 1255 2378 promissis
1293 2288 1470 2353 fidem
1507 2291 1728 2368 faceret;

140 2381 415 2470 persuasio
449 2386 557 2449 fuit
578 2392 635 2449 in
663 2387 842 2450 castris
860 2440 878 2468 ‚
902 2393 1160 2474 promitti
1183 2384 1461 2450 annulum
1493 2411 1729 2449 aureum

143 2491 202 2544 δε
226 2480 563 2571 dignitatem
587 2487 946 2571 Equitiszquo
971 2479 1183 2548 annulo
1208 2508 1374 2546 aureo
1398 2489 1568 2548 etiam
1591 2506 1729 2547 tunc

1130 2580 1203 2639 M
1270 2606 1300 2639 2
1640 2575 1732 2641 ille
