2208 3071
503 119 655 192 404
766 117 880 176 DE
943 119 1423 178 SYMBOLIS
1477 121 1937 182 HERoxcrs

507 225 693 293 scribo
718 263 732 307 3
758 228 839 293 est
874 255 974 295 cur
1012 227 1247 297 laudem
1284 236 1558 318 pietatem
1589 238 1650 297 in
1675 232 2105 320 frequentandis

507 331 616 411 piis
661 326 909 390 AEdium
955 326 1282 392 nostrarum
1327 324 1656 393 Sodalitiis:
1703 354 1884 416 quam
1925 336 2109 418 pieta-

511 442 632 485 tem
665 427 946 487 Primores
985 420 1217 489 &Clero
1249 479 1267 506 ‚
1306 421 1548 489 celebres
1585 423 1963 492 Iureconsulti
1988 480 2007 510 ‚
2044 453 2109 492 ac

510 512 742 582 litterati
765 524 892 584 Viri
930 573 948 600 ,
982 516 1365 585 honestisfimi
1415 518 1853 587 Patresfainilias
1877 576 1897 604 ,
1935 528 2108 588 que-

511 636 611 677 nes
636 611 1037 681 modestiffimi
1071 642 1186 705 prae
1209 617 1262 682 se
1290 618 1479 681 ferunt
1516 651 1531 697 ·‚
1569 616 1859 683 distributi
1885 625 1949 683 in
1977 618 2107 708 plu-

510 733 594 773 res
640 735 818 776 coetus
857 767 876 796 ,
927 724 988 777 δε
1029 711 1206 779 titulis
1244 718 1413 780 variis
1453 711 1776 802 Virginalia
1823 714 2111 804 complexi

510 814 717 872 omnia
752 863 771 892 ‚
808 833 938 897 quae
969 806 1290 874 celebritate
1328 808 1711 875 anniuersari&
1744 836 2102 879 veneramur.

510 903 1022 994 Propugnaculum
1065 903 1332 973 videlicet
1383 901 1781 972 firmissimum
1819 908 1901 974 est
1936 963 1957 991 ,
2007 910 2111 975 ad-

509 1001 698 1065 uersus
730 1001 907 1068 castra
937 1002 1216 1068 haeresum
1240 1000 1495 1067 finitima
1521 1027 1635 1067 orae
1659 1011 2108 1091 Septemtriona-

511 1095 607 1159 riae
645 1147 667 1174 ,
705 1102 1009 1188 Virginem
1065 1094 1238 1164 fimul
1283 1111 1343 1164 δε
1387 1101 1647 1163 Matrem
1691 1097 1856 1165 illam
1903 1099 2105 1186 colere,

511 1217 642 1279 quae
677 1193 795 1259 sola
831 1200 1064 1259 cunetas
1100 1193 1326 1259 haereses
1374 1196 1715 1259 interemisse
1750 1202 1811 1261 in
1840 1200 2106 1264 Vniuerso

510 1289 742 1354 mundo
766 1344 785 1372 ‚
823 1288 897 1357 ab
922 1285 1167 1356 Ecclesffit
1204 1288 1360 1356 claro
1385 1301 1445 1356 δε
1467 1300 1745 1379 perueteri
1767 1291 1960 1383 elogio
1981 1321 2104 1385 per-

510 1382 766 1450 hibetur.

603 1483 705 1547 Ad
727 1482 835 1548 hos
856 1481 1186 1549 Parthenios
1213 1480 1463 1566 Sodale3‚
1490 1489 1776 1572 quoniam
1798 1482 1956 1552 velut
1982 1484 2108 1554 bal-

511 1575 655 1643 sami
694 1577 1003 1645 arbusculae
1032 1579 1234 1646 afflant
1259 1581 1507 1646 odorem
1531 1587 1666 1648 vitae
1695 1635 1714 1664 ,
1747 1580 1956 1648 merito
1990 1589 2106 1651 Ni-

280 1691 334 1736 In
346 1685 484 1762 Symb.
511 1671 700 1741 colaus
726 1672 1031 1743 Cauffinus
1055 1731 1074 1759 ‚
1112 1676 1143 1742 ὲ
1175 1685 1451 1744 Societate
1483 1676 1677 1747 ,nostra
1709 1685 1960 1767 Scriptor
1995 1678 2106 1746 cla-

279 1755 381 1863 {201
386 1752 462 1863 ff
464 1787 477 1799 ⁰
506 1768 754 1840 risfimu's
794 1828 813 1857 ,
860 1775 1208 1839 existimauit
1241 1782 1522 1863 pertinere
1564 1777 1717 1863 posse
1754 1775 2104 1864 Symbolum

505 1869 682 1934 fontis
706 1868 855 1935 illius
893 1877 954 1935 in
973 1873 1234 1960 AEgypto
1255 1925 1275 1952 ,
1313 1878 1373 1936 in
1397 1897 1518 1959 quo
1552 1873 1731 1937 fertur
1752 1878 1935 1961 Virgo
1963 1879 2105 1940 Dei-

279 1983 487 2031 Burchar.
506 1989 642 2052 para
663 1971 690 2030 Ι
709 1991 743 2031 Ε
763 1993 786 2031 s
810 1991 851 2033 v
872 1990 920 2031 Μ
926 2021 945 2049 ‚
966 1966 1276 2053 paruulum
1302 1967 1551 2048 exulem,
1571 1965 1876 2055 aliquoties.
1895 1968 2103 2036 abluis-

277 2050 480 2159 ἓζζξὲῑ·
505 2062 588 2142 se3
616 2074 675 2127 &
693 2070 797 2152 qui
819 2064 1030 2132 dicitur
1051 2069 1167 2128 eius
1192 2070 1414 2135 virtutis
1439 2063 1547 2128 effe
1567 2118 1585 2146 ‚
1615 2088 1679 2130 vt
1698 2065 1897 2130 hortus
1924 2064 2106 2133 balsa-

277 2176 330 2221 de
351 2181 485 2239 Signis
505 2165 591 2228 mi
614 2166 665 2224 ei
685 2168 1049 2249 propinquus
1076 2214 1094 2243 ‚
1128 2157 1197 2225 fit
1223 2159 1425 2226 fertilis>
1451 2161 1757 2227 dumtaxat
1777 2217 1798 2245 ,
1832 2159 1874 2226 fi
1905 2190 2105 2250 peren-

279 2242 437 2351 fzccss'fi
505 2255 854 2343 nitatevillius
880 2263 1159 2347 irrigetur.
1176 2262 1334 2322 Huic
1364 2264 1581 2323 etenim
1604 2259 1756 2324 fonti
1781 2259 2101 2327 adscribens

302 2323 453 2365 '''⁷⁰
507 2349 793 2419 lemmatis
831 2352 960 2420 loco
990 2408 1010 2437 ‚
1062 2359 1452 2421 CREsCIT
1505 2376 2103 2444 QODCVMQE

457 2501 459 2503 .
510 2469 555 2512 R
578 2472 600 2514 1
619 2474 660 2516 G
681 2473 724 2517 A
741 2476 781 2519 T
813 2457 1181 2540 ·,.exprimere
1217 2447 1327 2516 fibi
1351 2451 1503 2520 visus
1534 2452 1613 2517 est
1638 2451 1942 2518 Sodalium
1969 2459 2103 2520 Par-

1767 2550 2102 2618 theniorum
