2208 3071
443 186 556 256 vn]

447 273 989 351 Marchionem:
1023 272 1223 349 cuius
1253 270 1396 346 iam
1416 267 1828 376 generosam
1859 269 1958 346 ire
1987 269 2064 346 in

446 383 688 460 saecula
727 384 1203 485 posteritatem
1241 381 1452 457 vides.
1520 381 1841 458 Tametsi
1886 381 2062 457 vero

447 493 682 568 doleas
707 553 729 586 ,
765 517 1094 596 ereptum
1130 492 1171 567 ὲ
1207 492 1388 568 viuis
1424 495 1604 569 FRA
1626 516 1681 568 N
1700 515 1791 568 CI
1809 516 1840 567 S
1863 513 2059 568 CVM

449 608 758 679 Fratrem
780 664 801 696 ,
837 602 1126 706 perinde
1164 603 1680 679 Marchionem
1705 603 1948 699 Antii,
1982 606 2063 676 &

447 714 719 789 Cerciae
751 717 1046 789 Ducem
1072 761 1090 813 3
1120 712 1332 790 laetari
1369 738 1612 816 poteS,
1643 715 1822 791 dum
1862 740 2062 815 repu-

450 851 552 900 tas
587 885 609 918 ,
647 821 983 926 supereffe
1026 822 1370 926 splendori
1419 854 1500 901 ac
1546 825 1871 929 dignitati
1911 824 2063 900 eius

449 939 982 1012 OCTAVIVM
1015 933 1245 1011 filium
1275 997 1298 1029 ,
1331 939 1899 1013 &CARoLvM
1937 963 2061 1010 ne-

446 1071 713 1148 potem.
749 1045 1069 1122 Tametfi
1103 1047 1362 1148 pariter
1393 1046 1629 1124 doleas
1664 1048 1763 1122 ob
1802 1045 2065 1123 funera.

445 1155 759 1233 duorum
810 1156 1052 1233 adhuc
1092 1160 1417 1234 Fratrum
1454 1205 1472 1257 3
1516 1186 1779 1261 nempe
1831 1160 2062 1233 DIO-

445 1291 512 1343 M
533 1291 572 1342 E
590 1291 643 1343 D
668 1291 736 1342 15
757 1328 778 1361 ,
811 1296 1034 1372 quem
1064 1264 1268 1344 sacrae
1295 1267 1536 1344 infulae
1557 1268 1881 1344 Ecclesiae
1902 1268 2061 1344 Tri-

445 1377 808 1454 caricensis
852 1404 1015 1456 ante
1061 1380 1174 1455 Te
1222 1380 1701 1474 inornarunt,
1756 1408 1840 1456 ac
1881 1376 2062 1454 insu

444 1516 570 1621 pter
602 1492 740 1564 TH
761 1514 814 1565 O
838 1514 903 1564 M
924 1513 987 1564 AE
1019 1551 1040 1584 ,
1081 1518 1302 1611 quem
1345 1490 1741 1566 incredibili
1784 1515 2061 1565 memo-

446 1628 581 1693 ria
614 1601 902 1704 ingenio
942 1629 1265 1676 maximo
1293 1598 1911 1706 ,eloquentiaque
1944 1598 2062 1674 ad-

447 1661 753 1785 mirabili
779 1711 1191 1814 praeditum,
1218 1711 1403 1788 sacer
1430 1712 1640 1788 Ordo
1665 1710 1878 1788 sanffl
1907 1714 2063 1786 Do

445 1820 691 1896 minici
726 1883 748 1915 ,
789 1825 1076 1899 Tecum
1112 1884 1133 1916 ,
1177 1823 1388 1897 nimis
1433 1823 1579 1899 cito
1615 1821 2058 1921 desiderauit3

448 1929 773 2007 solatium
806 1961 1155 2036 magnum
1195 1933 1429 2008 hauris
1472 1931 1943 2008 nihilominus
1968 1959 2058 2007 ex

443 2044 515 2115 T
535 2066 555 2116 1
576 2065 612 2115 Β
635 2065 672 2116 Ε
694 2066 739 2117 R
762 2067 852 2118 10
888 2047 1156 2135 Fratre,
1180 2042 1507 2118 Bifiniani
1531 2044 1846 2145 Principe
1863 2104 1885 2136 ,
1907 2042 2060 2117 Au-

447 2153 544 2226 rei
573 2152 867 2229 Velleris
902 2154 1215 2257 Equite,
1265 2179 1477 2257 atque
1515 2152 1864 2256 Hispaniae
1899 2155 2060 2228 Ma-

450 2288 701 2363 gnate·
688 2291 964 2367 ,quem
1002 2261 1235 2339 nescio
1261 2268 1568 2358 Tuum,
1607 2294 1694 2340 an
1730 2262 2058 2357 Familiae,

448 2401 538 2446 an
581 2333 815 2475 Regni
848 2374 1066 2450 totius
1089 2375 1363 2467 decus
1396 2378 1473 2448 δέ
1497 2375 1779 2452 delicias
1817 2372 2058 2478 potius

443 2482 794 2558 nominari
800 2511 895 2559 m.

1863 2593 2057 2670 Inter
