2208 3071
503 83 636 155 380
749 86 862 145 DE
927 87 1406 146 SYMBOLIS
1463 88 1920 149 HEROICIS

502 194 676 263 aliam
714 224 1153 289 quamcumque
1194 255 1212 283 ,
1257 194 1482 265 etiamsi
1526 206 1789 264 amicum
1831 197 2095 267 osculum

499 294 690 378 fuerit,
713 294 802 363 vel
821 296 963 385 quid
987 294 1278 380 blandius,
1304 295 1617 384 repudiare.

597 398 809 480 Neque
833 393 1073 459 assumas
1092 429 1107 474 ·,
1134 419 1311 476 mare,
1331 393 1573 482 quando
1595 390 1970 480 tranquillum
1996 396 2095 477 est,

494 486 644 552 redte
669 488 783 554 dici
826 487 1080 556 lambere
1117 488 1271 556 littus
1309 545 1327 573 ,
1372 514 1542 578 atque
1580 486 1726 554 illud
1763 489 2091 558 exosculari:

497 606 637 649 tunc
680 593 838 651 enim
884 586 1240 674 metaphorae
1287 585 1629 674 metaphora
1673 611 1794 651 non
1842 588 2092 655 additur:

495 705 636 746 nam
664 709 818 747 mare
843 684 922 748 est
946 682 1128 748 die‘tio
1151 690 1382 771 propria
1406 737 1423 766 ,
1467 695 1525 747 &
1549 689 1809 772 iungitur
1841 686 2095 777 congrue

494 778 745 845 dictioni
768 778 1062 846 transsatae.
1081 783 1165 845 At
1186 787 1247 845 in
1274 806 1344 845 eo
1368 776 1654 869 Symbolo
1676 833 1695 861 ,
1721 777 1855 844 cum
1880 776 1948 847 fit
1968 809 2096 848 ma-

491 899 547 938 re
575 872 814 941 Protasis
839 932 858 959 ,
882 877 964 941 est
984 875 1116 941 loco
1140 877 1410 943 dietionis
1435 875 1714 942 transsatae
1741 911 1755 957 3
1779 874 2026 969 ideoque
2050 876 2094 945 fi

490 997 559 1035 eo
583 980 836 1061 coeperiS,
859 974 1072 1039 neceffe
1094 974 1174 1038 est
1197 980 1403 1062 pariter
1426 999 1497 1038 eo
1521 971 1703 1038 finias,

582 1074 668 1133 Ita
694 1075 917 1135 Hector
943 1068 1198 1160 congrue
1221 1070 1500 1134 diceretur
1524 1077 1584 1136 in
1609 1067 1777 1135 obitu
1806 1077 2089 1162 extingui:

491 1160 590 1229 sed
612 1161 656 1229 si
681 1164 994 1253 appelletur
1016 1163 1182 1232 antea
1197 1169 1394 1230 Troiae
1419 1193 1616 1231 murus
1640 1217 1660 1242 ,
1688 1164 1811 1231 abit
1834 1174 1894 1232 in
1919 1164 2098 1257 signi-

492 1257 828 1327 ficationem
852 1269 929 1327 rei
952 1317 973 1345 ,
996 1288 1125 1350 quae
1160 1260 1302 1327 solet
1332 1288 1488 1346 ruere
1520 1290 1586 1327 ac
1608 1261 1727 1327 labi
1752 1315 1770 1344 ,
1804 1273 2090 1351 quoniam

488 1356 771 1424 structura
792 1359 873 1424 est
896 1372 956 1425 &
979 1357 1297 1425 aedificium
1323 1393 1338 1440 3
1376 1385 1500 1424 non
1526 1383 1720 1449 autern
1745 1366 1822 1423 rei
1846 1387 1974 1449 quae
2004 1362 2094 1428 so-

489 1450 569 1519 let
591 1462 882 1546 extingui,
909 1456 1239 1523 cuiusmodi
1259 1456 1339 1521 est
1357 1457 1450 1521 fax
1463 1511 1482 1539 ‚
1506 1455 1750 1545 lampa5‚
1774 1455 1866 1524 vel
1889 1464 2090 1528 incen-

491 1550 678 1616 dium.

582 1648 819 1715 Debent
842 1647 1015 1739 porro
1040 1649 1162 1716 haee
1185 1656 1375 1724 notari
1398 1646 1594 1715 sedulo
1620 1704 1638 1733 ,
1673 1658 1813 1739 quia
1835 1656 1896 1716 in
1928 1650 2088 1721 nullst

488 1770 546 1808 re
577 1754 758 1836 magis
782 1802 801 1829 ,
827 1745 1005 1836 quam
1031 1753 1091 1813 in
1118 1753 1272 1813 resto
1295 1747 1396 1815 vsu
1428 1747 1778 1836 metaphorae
1802 1803 1820 1830 ‚
1855 1754 2089 1838 ingenia

487 1840 541 1905 se
564 1838 836 1930 produnt.
877 1851 958 1909 Sit
980 1851 1154 1934 igitur
1180 1845 1398 1932 semper
1420 1850 1481 1908 in
1512 1841 1785 1910 lemmate
1809 1845 1992 1911 dictio
2017 1846 2089 1923 fi-

488 1964 642 2027 gurae
664 1947 896 2029 propria
922 1977 936 2021 3
959 1939 1048 2009 vel
1072 1940 1217 2006 certe
1244 1938 1312 2006 sit
1335 1936 1496 2029 quasi
1519 1949 1749 2030 propria
1772 1997 1795 2024 ,
1817 1967 1881 2005 ea
1905 1950 2086 2010 nimi-

487 2060 618 2100 rum
643 2063 770 2125 quae
794 2063 861 2101 ex
882 2040 1167 2127 frequenti
1190 2038 1291 2104 vsu
1315 2035 1399 2103 illi
1419 2036 1723 2103 tribuatur.
1748 2043 1945 2127 Atque
1969 2041 2083 2108 hoc

485 2132 702 2200 idcirco
728 2135 883 2201 addo
900 2191 918 2218 ,
938 2161 1011 2199 ne
1036 2141 1129 2201 cui
1154 2133 1227 2200 ab
1252 2135 1361 2199 hac
1384 2158 1540 2223 parte
1561 2143 1746 2201 nimia
1771 2132 1837 2200 fit
1861 2134 2083 2228 religio.

487 2234 571 2294 Ita
594 2228 637 2294 fi
659 2234 936 2297 fomitem
968 2232 1060 2297 seu
1083 2234 1287 2297 funem
1320 2231 1746 2298 incendiarium
1771 2234 2080 2321 proposue-

489 2333 562 2390 ris
587 2381 605 2408 ‚
636 2335 720 2395 vti
746 2326 1095 2418 Symbolum
1121 2329 1457 2401 constantiae
1481 2334 1543 2393 in
1566 2328 1969 2395 beneuolentia
1994 2339 2080 2397 in.-

487 2445 569 2488 ter
593 2432 808 2491 amicos
833 2423 923 2495 vel
946 2434 1212 2517 coniuges
1238 2481 1259 2509 ‚
1281 2424 1571 2492 lemmatis
1598 2424 1729 2492 loco
1758 2450 1950 2492 autem
1979 2430 2081 2495 ad-

1852 2523 2077 2606 scribas,
