2208 3071
476 152 624 221 410
766 152 883 206 DE
938 152 1412 208 SYMBOLIS
1454 154 1914 209 HEROICIS

249 271 299 313 1n
315 270 437 313 Hex-
480 262 571 319 tiae
595 254 929 322 aedificantis
955 281 1122 346 typus
1148 257 1290 321 diuo
1308 255 1630 322 Ambrosio
1655 260 1774 323 visa
1796 261 1906 340 est3
1933 259 2079 325 dum

249 348 423 458 {iffi}
484 352 555 415 de
578 349 692 432 illa,
721 356 1041 442 Pretiofiores
1054 404 1074 430 ,
1100 360 1292 441 inquit
1310 408 1328 435 ,
1352 379 1472 416 auro
1495 353 1640 416 nidos
1657 358 1837 440 struit,
1863 361 1979 444 quia
1990 354 2081 440 fiz-

472 452 672 538 pienter
693 449 920 538 nidificat
942 478 959 512 .·
985 449 1137 514 nidus
1160 453 1290 512 enim
1301 446 1554 539 stipientiae
1568 453 1828 539 pretiosior
1851 457 1913 534 est
1936 478 2072 517 auro,

559 551 783 611 Hortor
818 554 1050 612 interim
1090 601 1109 629 ,
1155 547 1255 611 sua
1288 570 1353 612 vt
1388 552 1596 634 pariter
1645 555 1945 614 inueniant
1981 573 2079 614 aut

477 667 736 732 pangant
753 641 1034 732 Symbola
1068 641 1100 708 ὲ
1137 641 1444 708 Sodalibus
1482 641 1573 729 alij
1600 679 1614 723 3
1637 642 1759 732 quo
1798 652 1897 728 ita,
1930 646 2078 711 dum

481 741 695 804 tesseras
738 739 1045 809 habuerint
1082 763 1206 805 tam
1243 738 1492 828 pulchrae
1516 747 1738 828 pietatis
1778 796 1795 823 ‚
1832 743 1907 806 ad
1947 769 2077 808 eam

479 836 926 902 consectandam
970 837 1238 926 quotidie
1281 834 1565 926 plurimos
1611 835 1752 902 alios
1804 840 2079 905 exstimu-

474 928 614 997 lent.

573 1028 683 1094 Sed
733 1041 792 1094 &
832 1026 1101 1094 suaserim
1134 1054 1368 1118 quoque
1407 1083 1425 1112 ,
1478 1052 1544 1096 vt
1585 1037 1872 1118 quoniam
1916 1038 2079 1121 inge-

476 1131 576 1190 nia
612 1127 814 1211 Leodij
854 1127 987 1191 sunt
1025 1149 1150 1191 tam
1187 1126 1525 1214 perspicacia
1560 1182 1579 1209 ‚
1627 1139 1687 1191 δε
1723 1151 1845 1192 tam
1883 1127 2078 1193 excul-

478 1244 536 1287 ta
579 1276 599 1305 ,
649 1227 865 1311 proprij
918 1220 1172 1305 Sodalitij
1227 1221 1512 1309 generalia
1549 1222 1827 1312 Symbola
1876 1251 2081 1313 expro-

479 1342 648 1384 mant
668 1369 689 1397 ,
724 1314 952 1409 suaec‘Jue
987 1316 1211 1383 militiae
1240 1318 1560 1385 Partheniae
1595 1318 1871 1387 vexillum
1906 1320 2082 1410 expli-

481 1438 632 1481 cent.

576 1509 888 1578 Nonnulla
924 1518 986 1578 in
1031 1510 1145 1577 hoc
1183 1517 1392 1600 Capite
1431 1512 1740 1600 spectanda
1777 1513 2085 1602 proposui-

483 1635 614 1675 mus
642 1645 656 1690 3
689 1633 862 1698 atque
888 1606 1034 1675 adeo
1066 1606 1099 1674 a
1120 1612 1291 1675 ternis
1320 1609 1636 1674 Partheniis
1664 1608 1955 1699 Symbolis
1982 1639 2086 1676 au-

481 1706 680 1794 spicati
716 1706 912 1773 sumus
948 1710 1317 1772 Prooemium
1348 1706 1519 1772 huius
1543 1713 1794 1794 Operis:
1832 1716 2086 1795 quae‘niss

481 1810 706 1869 mirum
727 1809 961 1893 Virgini
986 1801 1249 1869 Salutatae
1280 1801 1314 1869 a
1344 1799 1560 1869 sidereo
1588 1809 1990 1888 InternuntiO,
2022 1819 2084 1872 &

457 1901 675 1976 *eidem
713 1907 774 1966 in
799 1899 1005 1966 caelum
1029 1900 1370 1989 Affumptae,
1396 1901 1936 1967 accommodantur.
1957 1908 2086 1985 Iam'

485 1998 778 2062 coronidis
797 1995 931 2062 loco
948 2023 1134 2085 vnum
1160 1997 1351 2063 adhuc
1373 1993 1690 2065 alterumve
1712 1998 1927 2063 addam
1953 2054 1972 2082 ‚
1997 2001 2088 2065 di-

487 2117 687 2167 catum
718 2102 862 2160 item
882 2100 1116 2184 Virgini
1153 2094 1293 2183 pure
1323 2122 1391 2160 ac
1426 2092 1542 2160 fine
1579 2093 1729 2160 noxa
1753 2100 2089 2185 Conceptae.

493 2191 611 2258 hoc
634 2192 734 2275 est,
753 2192 1148 2282 Pyramidem‚
1176 2191 1341 2280 supra
1355 2219 1536 2281 quam
1556 2191 1770 2258 directe
1789 2192 1884 2259 Sol
1906 2192 2093 2282 splen-

487 2288 639 2372 deat,
666 2315 800 2354 cum
826 2289 1113 2378 adscripto
1137 2286 1597 2373 lemmate,VMB
1613 2312 1657 2354 R
1674 2312 1758 2355 AF,
1789 2313 1926 2356 N-Es
1945 2313 2088 2358 cn..

486 2389 721 2451 Etenim
766 2383 864 2452 Sol
894 2390 1169 2453 AEternus
1212 2386 1367 2453 hanc
1406 2384 1858 2477 pulcherrimam
1899 2393 2093 2477 Virgi÷
2167 2427 2172 2431 ·

488 2506 630 2549 nem
644 2481 732 2578 ⁸ab
755 2490 927 2551 omni
954 2507 1117 2575 parte
1143 2481 1450 2552 illustrauit
1473 2520 1490 2568 3
1527 2496 1588 2552 ὃ(
1611 2481 1802 2552 effecit
1822 2540 1843 2571 ,
1866 2508 1930 2555 vt
1961 2484 2094 2551 abs-

1977 2606 2092 2671 que
